

@article{keane2013brief,
  title={A brief history of early unmanned aircraft},
  author={Keane, John F and Carr, Stephen S},
  journal={Johns Hopkins APL Technical Digest},
  volume={32},
  number={3},
  pages={558--571},
  year={2013}
}

@article{giusti2016machine,
  title={A Machine Learning Approach to Visual Perception of Forest Trails for Mobile Robots},
  author={Giusti, Alessandro and Guzzi, Jerome and Ciresan, Dan and He, Fang-Lin and Rodriguez, Juan Pablo and Fontana, Flavio and Faessler, Matthias and Forster, Christian and Schmidhuber, Jurgen and Di Caro, Gianni and Scaramuzza, Davide and Gambardella, Luca},
  journal = "IEEE Robotics and Automation Letters",
  year    = "2016"
}

@article{back2020autonomous,
  title={Autonomous UAV trail navigation with obstacle avoidance using deep neural networks},
  author={Back, Seungho and Cho, Gangik and Oh, Jinwoo and Tran, Xuan-Toa and Oh, Hyondong},
  journal={Journal of Intelligent \& Robotic Systems},
  volume={100},
  number={3},
  pages={1195--1211},
  year={2020},
  publisher={Springer}
}

@inproceedings{smolyanskiy2017toward,
  title={Toward low-flying autonomous MAV trail navigation using deep neural networks for environmental awareness},
  author={Smolyanskiy, Nikolai and Kamenev, Alexey and Smith, Jeffrey and Birchfield, Stan},
  booktitle={2017 IEEE/RSJ International Conference on Intelligent Robots and Systems (IROS)},
  pages={4241--4247},
  year={2017},
  organization={IEEE}
}

@inproceedings{maciel2018extending,
  title={Extending deep neural network trail navigation for unmanned aerial vehicle operation within the forest canopy},
  author={Maciel-Pearson, Bruna G and Carbonneau, Patrice and Breckon, Toby P},
  booktitle={Annual Conference Towards Autonomous Robotic Systems},
  pages={147--158},
  year={2018},
  organization={Springer}
}

@article{krizhevsky2012imagenet,
  title={Imagenet classification with deep convolutional neural networks},
  author={Krizhevsky, Alex and Sutskever, Ilya and Hinton, Geoffrey E},
  journal={Advances in neural information processing systems},
  volume={25},
  year={2012}
}

@article{li2021survey,
  title={A survey of convolutional neural networks: analysis, applications, and prospects},
  author={Li, Zewen and Liu, Fan and Yang, Wenjie and Peng, Shouheng and Zhou, Jun},
  journal={IEEE Transactions on Neural Networks and Learning Systems},
  year={2021},
  publisher={IEEE}
}

@inproceedings{ronneberger2015u,
  title={U-net: Convolutional networks for biomedical image segmentation},
  author={Ronneberger, Olaf and Fischer, Philipp and Brox, Thomas},
  booktitle={International Conference on Medical image computing and computer-assisted intervention},
  pages={234--241},
  year={2015},
  organization={Springer}
}

@article{santana2013tracking,
  title={Tracking natural trails with swarm-based visual saliency},
  author={Santana, Pedro and Correia, Lu{\'\i}s and Mendon{\c{c}}a, Ricardo and Alves, Nelson and Barata, Jos{\'e}},
  journal={Journal of Field Robotics},
  volume={30},
  number={1},
  pages={64--86},
  year={2013},
  publisher={Wiley Online Library}
}

@book{batavia1999driver,
  title={Driver-adaptive lane departure warning systems},
  author={Batavia, Parag H},
  year={1999},
  publisher={Carnegie Mellon University}
}

@article{chen2020lane,
  title={Lane departure warning systems and lane line detection methods based on image processing and semantic segmentation: A review},
  author={Chen, Weiwei and Wang, Weixing and Wang, Kevin and Li, Zhaoying and Li, Huan and Liu, Sheng},
  journal={Journal of traffic and transportation engineering (English edition)},
  volume={7},
  number={6},
  pages={748--774},
  year={2020},
  publisher={Elsevier}
}

@inproceedings{yu2014mixed,
  title={Mixed pooling for convolutional neural networks},
  author={Yu, Dingjun and Wang, Hanli and Chen, Peiqiu and Wei, Zhihua},
  booktitle={International conference on rough sets and knowledge technology},
  pages={364--375},
  year={2014},
  organization={Springer}
}
